<?xml version="1.0" encoding="UTF-8"?>
<collection xmlns:xsi="http://www.w3.org/2001/XMLSchema-instance" xsi:schemaLocation="http://www.loc.gov/MARC21/slim http://www.loc.gov/standards/marcxml/schema/MARC21slim.xsd" xmlns="http://www.loc.gov/MARC21/slim">
<record>
  <leader>01450cam a2200289Ka 4500</leader>
  <controlfield tag="001">7460119</controlfield>
  <controlfield tag="003">NNC</controlfield>
  <controlfield tag="005">20140127014259.0</controlfield>
  <controlfield tag="008">941017s1895    ua            000 0 ara d</controlfield>
  <datafield tag="035" ind1=" " ind2=" ">
    <subfield code="a">(OCoLC)ocm31300720</subfield>
  </datafield>
  <datafield tag="035" ind1=" " ind2=" ">
    <subfield code="a">(OCoLC)31300720</subfield>
  </datafield>
  <datafield tag="035" ind1=" " ind2=" ">
    <subfield code="a">(NNC)7460119</subfield>
  </datafield>
  <datafield tag="040" ind1=" " ind2=" ">
    <subfield code="a">CLE</subfield>
    <subfield code="c">CLE</subfield>
    <subfield code="d">OCLCG</subfield>
  </datafield>
  <datafield tag="066" ind1=" " ind2=" ">
    <subfield code="c">(3</subfield>
  </datafield>
  <datafield tag="092" ind1=" " ind2=" ">
    <subfield code="a">892.7</subfield>
    <subfield code="b">J288d</subfield>
  </datafield>
  <datafield tag="100" ind1="0" ind2=" ">
    <subfield code="6">880-01</subfield>
    <subfield code="a">Jarīr ibn ʻAṭīyah,</subfield>
    <subfield code="d">-728?</subfield>
  </datafield>
  <datafield tag="240" ind1="1" ind2="0">
    <subfield code="6">880-02</subfield>
    <subfield code="a">Dīwān nādirat zamānihi wa-farīd ʻaṣrihi wa-awānihi Jarīr ibn ʻAṭīyah al-Khuṭfī</subfield>
  </datafield>
  <datafield tag="245" ind1="1" ind2="3">
    <subfield code="6">880-03</subfield>
    <subfield code="a">al-Juzʾ al-awwal [-al-thānī] min Dīwān nādirat zamānihi wa-farīd ʻaṣrihi wa-awānihi Jarīr ibn ʻAṭīyah al-Khuṭfī.</subfield>
  </datafield>
  <datafield tag="250" ind1=" " ind2=" ">
    <subfield code="6">880-04</subfield>
    <subfield code="a">al-Ṭabʻah 1.</subfield>
  </datafield>
  <datafield tag="260" ind1=" " ind2=" ">
    <subfield code="6">880-05</subfield>
    <subfield code="a">Miṣr :</subfield>
    <subfield code="b">al-Maṭbaʻah al-ʻIlmīyah,</subfield>
    <subfield code="c">1313 [1895]</subfield>
  </datafield>
  <datafield tag="300" ind1=" " ind2=" ">
    <subfield code="a">2 v. in 1 ;</subfield>
    <subfield code="c">21 cm.</subfield>
  </datafield>
  <datafield tag="740" ind1="0" ind2=" ">
    <subfield code="a">Dīwān nādirat zamānihi wa-farīd ʻaṣrihi wa-awānihi Jarīr ibn ʻAṭīyah al-Khuṭfī.</subfield>
  </datafield>
  <datafield tag="880" ind1="0" ind2=" ">
    <subfield code="6">100-01/(3/r</subfield>
    <subfield code="a">جرير بن عطية،</subfield>
    <subfield code="d">-728?</subfield>
  </datafield>
  <datafield tag="880" ind1="1" ind2="0">
    <subfield code="6">240-02/(3/r</subfield>
    <subfield code="a">ديوان نادرة زمانه وفريد عصره واوانه جرير بن عطية الخطفي</subfield>
  </datafield>
  <datafield tag="880" ind1="1" ind2="2">
    <subfield code="6">245-03/(3/r</subfield>
    <subfield code="a">الجزء الاول [الثاني] من ديوان نادرة زمانه وفريد عصره واوانه جرير بن عطية الخطفي.</subfield>
  </datafield>
  <datafield tag="880" ind1=" " ind2=" ">
    <subfield code="6">250-04/(3/r</subfield>
    <subfield code="a">الطبعة 1.</subfield>
  </datafield>
  <datafield tag="880" ind1=" " ind2=" ">
    <subfield code="6">260-05/(3/r</subfield>
    <subfield code="a">مصر :</subfield>
    <subfield code="b">المطبعة العلمية،</subfield>
    <subfield code="c">1313 [1895]</subfield>
  </datafield>
  <datafield tag="955" ind1=" " ind2=" ">
    <subfield code="b">0069882070</subfield>
    <subfield code="d">glx</subfield>
    <subfield code="e">893.7J288 L</subfield>
    <subfield code="v">v.1-2</subfield>
  </datafield>
</record>
</collection>